@article{boehm2002,
Author = {BOEHM, B},
Title = {Balancing agility and discipline},
Year = {2002},
Address = {Boston}
}

@misc{paulo,
Author = {Paulo Sérgio Naddeo Dias Lopes},
Title = {Uma Taxonomia da Pesquisa na Área de Engenharia de Requisitos},
Url = { https://books.google.com.br/books/about/Uma_taxonomia_da_pesquisa_na_%C3%A1rea_de_en.html?id=SaQsHAAACAAJ&redir_esc=y },
note = {Accessed: 2016-04},
}

@article{vieiraM,
Author = {VIEIRA, M},
Title = {Gerenciamento de projetos de tecnologia da informação},
Year = 2003
}

@article{Poppendieck,
Author = {Poppendieck T, Poppendieck M},
Title = {Lean software development: An agile toolkit for software development managers},
Year = {2003},
Address = {London UK}
}

@misc{MELLO,
Author = {MELLO, Moacyr},
Title = {Um Caminho Seguro para o Processo de Desenvolvimento - SAFe (Scaled Agile Framework)},
Url = { https://www.ibm.com/developerworks/community/blogs/rationalbrasil/entry/um_caminho_seguro_para_o_processo_de_desenvolvimento_safe_scaled_agile_framework?lang=en },
note = {Accessed: 2016-04},
}

@misc{revistaER9,
Author = {Revista Engenharia de Software edição 9},
Title = {Uma Análise do Modelo de Maturidade OPM3},
Url = { http://www.devmedia.com.br/artigo-engenharia-de-software-9-uma-analise-do-modelo-de-maturidade-opm3/11602\#ixzz465ZGTxhL },
note = {Accessed: 2016-04},
}

@misc{alvares,
Author = {ALVARES L. S},
Title = {Elicitação de Requisitos: Levantamento de requisitos e técnicas de Elicitação},
Year = {2014},
Url = { http://www.devmedia.com.br/elicitacao-de-requisitos-levantamento-de-requisitos-e-tecnicas-de-elicitacao/31872 },
note = {Accessed: 2016-04},
}

@misc{moraes,
Author = {MORAES B. D},
Title = {Técnicas para levantamento de Requisitos},
Year = {2009},
journal={Revista Engenharia de Software edição 2},
Url = { http://www.devmedia.com.br/engenharia-de-software-2-tecnicas-para-levantamento-de-requisitos/9151 },
note = {Accessed: 2016-04},
}

@misc{silveira,
Author = {SILVEIRA R},
Title = {O que é o MPS.br},
Year = {2012},
Url = { https://www.oficinadanet.com.br/artigo/desenvolvimento/melhoria-de-processos-do-software-brasileiro--mpsbr },
note = {Accessed: 2016-05},
}

@misc{mps,
Title = {MPS-BR},
Url = { http://www.pdcase.com/mps-br .},
note = {Accessed: 2016-05},
}

@misc{softex,
Title = {SOFTEX. MPS.BR - Melhoria de Processo do Software Brasileiro},
Url = { http://homepages.dcc.ufmg.br/~rodolfo/GPS1-Turma11/MPS.BR_Guia[1].pdf },
note = {Accessed: 2016-05},
}

@misc{Blaschek,
Author = {Blaschek, J. R},
Title = {Gerência de Requisitos: O principal problema dos projetos de software},
Url = { http://www.bfpug.com.br/islig-rio/Downloads/Ger%C3%AAncia%20de%20Requisitos-o%20Principal%20Problema%20dos%20Projetos%20de%20SW.pdf },
note = {Accessed: 2016-05},
}

@misc{borland,
Url = { http://www.borland.com/en-GB/Products/Requirements-Management/Caliber },
note = {Accessed: 2016-05},
}

@article{pressman,
Author = {PRESSMAN, Roger S},
Title = {Engenharia de software 7ª ed},
Editor = {Bookman},
Year = {2006},
Address = {Porto Alegre}
}

@article{ian,
Author = {SOMMERVILLE, Ian
},
Title = {Engenharia de software 8ª ed},
Editor = {Addison-Wesley},
Year = {2007},
Address = {São Paulo}
}

@article{kotonya,
Author = {KOTONYA, G., SUMMERVILLE I
},
Title = {Requirements Engineering: Process and Techniques},
Year = 1998
}

@misc{pohl,
Author = {POHL, Klaus, RUPP, Chris},
Title = {Fundamentos da Engenharia de Requisitos},
Url = { http://www.ifc-camboriu.edu.br/~catia/TSI14/Fundamentos%20da%20Engenharia%20de%20Requisitos.pdf },
note = {Accessed: 2016-05},
}

@misc{castro,
Author = {Castro, J},
Title = {Elicitação e Análise de Requisitos},
Year = {2015},
Adress = {Universidade Federal de
Pernambuco},
Url = { http://www.cin.ufpe.br/~if119/aulas/cap3.PDF },
note = {Accessed: 2016-05},
}

@misc{camila,
Author = {Camila C. Rocha},
Title = {Join Application Design JAD},
Year = {2014},
Url = { http://www.matera.com/br/2014/02/11/joint-application-design-jad/ },
note = {Accessed: 2016-05},
}

@misc{miranda,
Author = {MIRANDA, A},
Title = { Desenvolvimento tradicional x desenvolvimento ágil de software},
Year = {2013},
Url = { http://blog.ceviu.com.br/info/artigos/desenvolvimento-tradicional-x-desenvolvimento-agil-de-software/},
note = {Accessed: 2016-05},
}

@misc{santiago,
Author = {SANTIAGO M
},
Title = { Ensaio do SWEBOK – Software Engineering Body Of Knowledge},
Url = { http://www.cin.ufpe.br/~bfs3/UFPE/Engenharia_Software/77017069-SWEBOK-traduzido.pdf },
note = {Accessed: 2016-05},
Year = 2011
}

@misc{rup,
Title = {Rational Unified Process. Best Practices for Software Development Teams
},
Url = { https://www.ibm.com/developerworks/rational/library/content/03July/1000/1251/1251_bestpractices_TP026B.pdf },
note = {Accessed: 2016-05},
}

@misc{falbo,
Author = { FALBO, R. A
},
Title = {Engenharia de requisitos},
Url = { http://www.inf.ufes.br/~falbo/files/Notas_Aula_Engenharia_Requisitos.pdf .},
note = {Accessed: 2016-05},
Year = 2012
}

@article{davis,
Author = { DAVIS, A. M
},
Title = { Software requirements: objects, functions and states},
Address = { New Jersey: Prentice–Hall},
Year = 1993
}

@misc{gotel,
Author = {GOTEL, O. FINKELSTEIN A
},
Title = { Contribution structures for requirements traceability},
Url = {  http://www0.cs.ucl.ac.uk/staff/A.Finkelstein/papers/contrib.pdf},
note = {Accessed: 2016-05},
}


@misc{inpe,
Author = {INPE-15761-TDI/1504
},
Title = {Um modelo para rastreabilidade de requisitos de software baseado em generalização de elos e atributos},
Url = {  http://mtc-m16c.sid.inpe.br/col/sid.inpe.br/mtc-m18@80/2009/03.02.14.17/doc/publicacao.pdf },
note = {Accessed: 2016-05},
}
